[gd_scene load_steps=19 format=2]

[ext_resource path="res://Core/Soundboard.gd" type="Script" id=1]
[ext_resource path="res://Assets/Sounds/RobotSelect.wav" type="AudioStream" id=2]
[ext_resource path="res://Assets/Sounds/DamageNotificationFinal.wav" type="AudioStream" id=3]
[ext_resource path="res://Assets/Sounds/FanAmbient.wav" type="AudioStream" id=4]
[ext_resource path="res://Assets/Sounds/RepairDingNew.wav" type="AudioStream" id=5]
[ext_resource path="res://Assets/Sounds/UIButtonClick.wav" type="AudioStream" id=6]
[ext_resource path="res://Assets/Sounds/RepairProgress.wav" type="AudioStream" id=7]
[ext_resource path="res://Assets/Sounds/LaserPowerUp.wav" type="AudioStream" id=8]
[ext_resource path="res://Assets/Sounds/PressurePlatePress.wav" type="AudioStream" id=9]
[ext_resource path="res://Assets/Sounds/PressurePlateLift.wav" type="AudioStream" id=10]
[ext_resource path="res://Assets/Sounds/LaserPowerDown.wav" type="AudioStream" id=11]
[ext_resource path="res://Assets/Sounds/RedzoneAlarm.wav" type="AudioStream" id=12]
[ext_resource path="res://Assets/Sounds/ThrusterAmbient.wav" type="AudioStream" id=13]
[ext_resource path="res://Assets/Sounds/ThrusterTurnOff.wav" type="AudioStream" id=14]
[ext_resource path="res://Assets/Sounds/BotMovement.wav" type="AudioStream" id=15]
[ext_resource path="res://Assets/Sounds/RobotRoundup.ogg" type="AudioStream" id=16]
[ext_resource path="res://Assets/Sounds/GameOver.ogg" type="AudioStream" id=17]
[ext_resource path="res://Assets/Sounds/GameWin.wav" type="AudioStream" id=18]

[node name="Soundboard" type="Node"]
script = ExtResource( 1 )

[node name="Damage" type="AudioStreamPlayer" parent="."]
stream = ExtResource( 3 )
volume_db = 1.809
pitch_scale = 0.62
bus = "Effects"

[node name="Fan" type="AudioStreamPlayer" parent="."]
stream = ExtResource( 4 )
volume_db = -6.33
pitch_scale = 1.02
bus = "Effects"

[node name="RepairFinished" type="AudioStreamPlayer" parent="."]
stream = ExtResource( 5 )
volume_db = -0.904
pitch_scale = 0.9
bus = "Effects"

[node name="RepairProgress" type="AudioStreamPlayer" parent="."]
stream = ExtResource( 7 )
volume_db = -12.044
pitch_scale = 0.86
bus = "Effects"

[node name="RobotSelect" type="AudioStreamPlayer" parent="."]
stream = ExtResource( 2 )
volume_db = -1.0
bus = "Effects"

[node name="ButtonPress" type="AudioStreamPlayer" parent="."]
stream = ExtResource( 6 )
bus = "Effects"

[node name="PlateDown" type="AudioStreamPlayer" parent="."]
stream = ExtResource( 9 )
volume_db = -2.713
pitch_scale = 0.9
bus = "Effects"

[node name="PlateUp" type="AudioStreamPlayer" parent="."]
stream = ExtResource( 10 )
bus = "Effects"

[node name="LaserOn" type="AudioStreamPlayer" parent="."]
stream = ExtResource( 8 )
bus = "Effects"

[node name="LaserOff" type="AudioStreamPlayer" parent="."]
stream = ExtResource( 11 )
bus = "Effects"

[node name="BotMove" type="AudioStreamPlayer" parent="."]
stream = ExtResource( 15 )

[node name="ThrusterOn" type="AudioStreamPlayer" parent="."]
stream = ExtResource( 13 )

[node name="ThrusterOff" type="AudioStreamPlayer" parent="."]
stream = ExtResource( 14 )

[node name="RedZone" type="AudioStreamPlayer" parent="."]
stream = ExtResource( 12 )

[node name="Music" type="AudioStreamPlayer" parent="."]
stream = ExtResource( 16 )
autoplay = true
bus = "Music"

[node name="GameOver" type="AudioStreamPlayer" parent="."]
stream = ExtResource( 17 )
bus = "Effects"

[node name="GameWin" type="AudioStreamPlayer" parent="."]
stream = ExtResource( 18 )
bus = "Effects"
